@book{doi1986theory,
  title={The theory of polymer dynamics},
  author={Doi, M. and Edwards, S.F.},
  isbn={9780198519768},
  lccn={85029854},
  series={International series of monographs on physics},
  url={http://books.google.fr/books?id=h-PvAAAAMAAJ},
  year={1986},
  publisher={Clarendon Press}
}

@book{lin2011polymer,
  title={Polymer Viscoelasticity: Basics, Molecular Theories, Experiments and Simulations},
  author={Lin, Y-H},
  year={2011},
  publisher={World Scientific}
}

@book{mathai1992quadratic,
  title={Quadratic forms in random variables: theory and applications},
  author={Mathai, Arakaparampil M and Provost, Serge B},
  year={1992},
  publisher={M. Dekker New York}
}