@book{mathai1992quadratic,
  title={Quadratic forms in random variables: theory and applications},
  author={Mathai, Arakaparampil M and Provost, Serge B},
  year={1992},
  publisher={M. Dekker New York}
}

@article{storey2002direct,
  title={A direct approach to false discovery rates},
  author={Storey, John D},
  journal={Journal of the Royal Statistical Society: Series B (Statistical Methodology)},
  volume={64},
  number={3},
  pages={479--498},
  year={2002},
  publisher={Wiley Online Library}
}