@book{Oksendal14,   
    author = {{\O}ksendal, Bernt},
    day = {21},
    edition = {6th},
    howpublished = {Paperback},
    isbn = {3540047581},
    keywords = {probability, statistics},
    month = jan,
    posted-at = {2007-09-27 18:06:09},
    priority = {3},
    publisher = {Springer},
    title = {Stochastic Differential Equations: An Introduction with Applications (Universitext)},
    url = {http://www.worldcat.org/isbn/3540047581},
    year = {2014}
}

@book{schuss2009theory,
  title={Theory and Applications of Stochastic Processes: An Analytical Approach},
  author={Schuss, Z.},
  isbn={9781441916051},
  lccn={2009942425},
  series={Applied Mathematical Sciences},
  url={http://books.google.fr/books?id=cU5GAAAAQBAJ},
  year={2009},
  publisher={Springer}
}