@article{zhang2008model,
  title={Model-based analysis of ChIP-Seq (MACS)},
  author={Zhang, Yong and Liu, Tao and Meyer, Clifford A and Eeckhoute, J{\'e}r{\^o}me and Johnson, David S and Bernstein, Bradley E and Nusbaum, Chad and Myers, Richard M and Brown, Myles and Li, Wei and others},
  journal={Genome Biol},
  volume={9},
  number={9},
  pages={R137},
  year={2008}
}