@article{Kulaeva12,
author = {Kulaeva, Olga I. and Nizovtseva, Ekaterina V. and Polikanov, Yury S. and Ulianov, Sergei V. and Studitsky, Vasily M.},
day = {15},
    doi = {10.1128/mcb.01127-12},
    issn = {1098-5549},
    journal = {Molecular and Cellular Biology},
    keywords = {transcription},
    month = dec,
    number = {24},
    pages = {4892--4897},
    pmid = {23045397},
    posted-at = {2012-12-04 13:25:56},
    priority = {2},
    publisher = {American Society for Microbiology},
    title = {Distant Activation of Transcription: Mechanisms of Enhancer Action},
    url = {http://dx.doi.org/10.1128/mcb.01127-12},
    volume = {32},
    year = {2012}
}


@article{Blackwood98,
    abstract = {10.1126/science.281.5373.60},
    author = {Blackwood, Elizabeth M. and Kadonaga, James T.},
    citeulike-article-id = {3986423},
    citeulike-linkout-0 = {http://dx.doi.org/10.1126/science.281.5373.60},
    citeulike-linkout-1 = {http://www.sciencemag.org/cgi/content/abstract/281/5373/60},
    day = {3},
    doi = {10.1126/science.281.5373.60},
    journal = {Science},
    keywords = {enhancer, review},
    month = jul,
    number = {5373},
    pages = {60--63},
    posted-at = {2009-01-30 22:05:37},
    priority = {2},
    title = {Going the Distance: A Current View of Enhancer Action},
    url = {http://dx.doi.org/10.1126/science.281.5373.60},
    volume = {281},
    year = {1998}
}

@article{kadonaga1998eukaryotic,
  title={Eukaryotic transcription: an interlaced network of transcription factors and chromatin-modifying machines},
  author={Kadonaga, James T},
  journal={Cell},
  volume={92},
  number={3},
  pages={307--313},
  year={1998},
  publisher={Elsevier Science}
}