@article{Blackwood98,
    abstract = {10.1126/science.281.5373.60},
    author = {Blackwood, Elizabeth M. and Kadonaga, James T.},
    citeulike-article-id = {3986423},
    citeulike-linkout-0 = {http://dx.doi.org/10.1126/science.281.5373.60},
    citeulike-linkout-1 = {http://www.sciencemag.org/cgi/content/abstract/281/5373/60},
    day = {3},
    doi = {10.1126/science.281.5373.60},
    journal = {Science},
    keywords = {enhancer, review},
    month = jul,
    number = {5373},
    pages = {60--63},
    posted-at = {2009-01-30 22:05:37},
    priority = {2},
    title = {Going the Distance: A Current View of Enhancer Action},
    url = {http://dx.doi.org/10.1126/science.281.5373.60},
    volume = {281},
    year = {1998}
}